<record><leader>00000cas a22000007a 4500</leader><controlfield tag="001">29907831</controlfield><controlfield tag="008">940304d19731975ncuwr ne      0    0eng d</controlfield><datafield ind1=" " ind2=" " tag="010"><subfield code="a">sn 94058210 </subfield></datafield><datafield ind1=" " ind2=" " tag="040"><subfield code="a">NVJ</subfield><subfield code="b">eng</subfield><subfield code="c">NVJ</subfield><subfield code="d">OCLCQ</subfield></datafield><datafield ind1=" " ind2=" " tag="042"><subfield code="a">msc</subfield></datafield><datafield ind1="0" ind2="0" tag="245"><subfield code="a">Fremont-Pikeville news.</subfield></datafield><datafield ind1=" " ind2=" " tag="260"><subfield code="a">Fuquay-Varina, N.C. :</subfield><subfield code="b">Lawrence Newspapers, Inc.</subfield></datafield><datafield ind1=" " ind2=" " tag="300"><subfield code="a">v.</subfield></datafield><datafield ind1=" " ind2=" " tag="310"><subfield code="a">Weekly</subfield></datafield><datafield ind1="0" ind2=" " tag="362"><subfield code="a">Vol. 1, no. 1 (Aug. 9, 1973)-v. 2, no. 1 (Jan. 9, 1975) ; no. 76 (Jan. 16, 1975)-no. 101 (July 10, 1975).</subfield></datafield><datafield ind1=" " ind2=" " tag="752"><subfield code="a">United States</subfield><subfield code="b">North Carolina</subfield><subfield code="c">Wayne</subfield><subfield code="d">Fremont.</subfield></datafield><datafield ind1=" " ind2=" " tag="752"><subfield code="a">United States</subfield><subfield code="b">North Carolina</subfield><subfield code="c">Wayne</subfield><subfield code="d">Pikeville.</subfield></datafield><datafield ind1="0" ind2="0" tag="785"><subfield code="a">Northern Wayne news</subfield><subfield code="w">(DLC)sn 94058211</subfield></datafield></record>